00512cas a22002051a 4500
001 9917737283502836
003 Nz
005 20161223172958.0
008 031218s1869    nz  r ne      000 0 eng d
035    $a (Nz)8131175
035    $a (NLNZils)1773728-ilsdb
040    $a WN $c WN
042    $a nznb
043    $a u-nz---
245 00 $a Auckland daily news.
260    $a Auckland [N.Z.]
310    $a Daily
362 0  $a 1869 Nov.4-1869 Dec.9
651  0 $a Auckland (N.Z.) $v Newspapers.
655  7 $a New Zealand newspapers. $2 local $5 Nz
